@article{Chen2020Res,
  title={Image Super Resolution Reconstruction Algorithm based on Residual Network},
  author={Chen , Chen and Mingming , Liu and Bing , Liu and Yong , Zhou},
  journal={Computer Engineering and Applications},
  number={8},
  pages={28},
  year={2020}
}

@inproceedings{ledig2017photo,
  title={Photo-realistic single image super-resolution using a generative adversarial network},
  author={Ledig, Christian and Theis, Lucas and Husz{\'a}r, Ferenc and Caballero, Jose and Cunningham, Andrew and Acosta, Alejandro and Aitken, Andrew and Tejani, Alykhan and Totz, Johannes and Wang, Zehan and others},
  booktitle={Proceedings of the IEEE conference on computer vision and pattern recognition},
  pages={4681--4690},
  year={2017}
}

@inproceedings{niu2016ordinal,
  title={Ordinal regression with multiple output cnn for age estimation},
  author={Niu, Zhenxing and Zhou, Mo and Wang, Le and Gao, Xinbo and Hua, Gang},
  booktitle={Proceedings of the IEEE conference on computer vision and pattern recognition},
  pages={4920--4928},
  year={2016}
}

@article{metz2016unrolled,
  title={Unrolled generative adversarial networks},
  author={Metz, Luke and Poole, Ben and Pfau, David and Sohl-Dickstein, Jascha},
  journal={arXiv preprint arXiv:1611.02163},
  year={2016}
}

@inproceedings{kim2016accurate,
  title={Accurate image super-resolution using very deep convolutional networks},
  author={Kim, Jiwon and Kwon Lee, Jung and Mu Lee, Kyoung},
  booktitle={Proceedings of the IEEE conference on computer vision and pattern recognition},
  pages={1646--1654},
  year={2016}
}

@article{oord2016pixel,
  title={Pixel recurrent neural networks},
  author={Oord, Aaron van den and Kalchbrenner, Nal and Kavukcuoglu, Koray},
  journal={arXiv preprint arXiv:1601.06759},
  year={2016}
}

@inproceedings{van2016conditional,
  title={Conditional image generation with pixelcnn decoders},
  author={Van den Oord, Aaron and Kalchbrenner, Nal and Espeholt, Lasse and Vinyals, Oriol and Graves, Alex and others},
  booktitle={Advances in neural information processing systems},
  pages={4790--4798},
  year={2016}
}

@inproceedings{liu2015deep,
  title={Deep learning face attributes in the wild},
  author={Liu, Ziwei and Luo, Ping and Wang, Xiaogang and Tang, Xiaoou},
  booktitle={Proceedings of the IEEE international conference on computer vision},
  pages={3730--3738},
  year={2015}
}

@article{dong2015image,
  title={Image super-resolution using deep convolutional networks},
  author={Dong, Chao and Loy, Chen Change and He, Kaiming and Tang, Xiaoou},
  journal={IEEE transactions on pattern analysis and machine intelligence},
  volume={38},
  number={2},
  pages={295--307},
  year={2015},
  publisher={IEEE}
}

@article{Su2013review,
  title={Survey of Super-resolution Image Reconstruction Methods},
  author={Heng , Su and Jie , Zhou and Zhihao , Zhang and others},
  journal={Journal of Automatica Sinica},
  volume={39},
  number={8},
  pages={1202--1213},
  year={2013},
  publisher={Journal of Automatica Sinica}
}

@article{wang2008face,
  title={Face photo-sketch synthesis and recognition},
  author={Wang, Xiaogang and Tang, Xiaoou},
  journal={IEEE Transactions on Pattern Analysis and Machine Intelligence},
  volume={31},
  number={11},
  pages={1955--1967},
  year={2008},
  publisher={IEEE}
}

@phdthesis{zhy2007review,
  title={Review of Digital Image Repair Technology},
  author={Hongyin , Zhang and Qizong , Peng},
  year={2007},
  journal={Journal of Image and Graphics}
}

@article{park2003super,
  title={Super-resolution image reconstruction: a technical overview},
  author={Park, Sung Cheol and Park, Min Kyu and Kang, Moon Gi},
  journal={IEEE signal processing magazine},
  volume={20},
  number={3},
  pages={21--36},
  year={2003},
  publisher={IEEE}
}

@article{borman1998spatial,
  title={Spatial resolution enhancement of low-resolution image sequences-a comprehensive review with directions for future research},
  author={Borman, Sean and Stevenson, Robert},
  journal={Lab. Image and Signal Analysis, University of Notre Dame, Tech. Rep},
  year={1998}
}

@article{tsai1984multiframe,
  title={Multiframe image restoration and registration},
  author={Tsai, R},
  journal={Advance Computer Visual and Image Processing},
  volume={1},
  pages={317--339},
  year={1984}
}